<?xml version="1.0" encoding="UTF-8"?><collection xmlns="http://www.loc.gov/MARC21/slim"><record><leader>00427nam--2200133-i-4500</leader><controlfield tag="001">000030527</controlfield><controlfield tag="002">20161230</controlfield><controlfield tag="005">20161230201038</controlfield><controlfield tag="008">060222s1000------------r-----000-0-eng-d</controlfield><datafield ind1=" " ind2=" " tag="080"><subfield code="a">539.12:621.039.5(016)</subfield></datafield><datafield ind1=" " ind2=" " tag="245"><subfield code="a">List of publication.reports published by institute of nuclear research, warsaw period oct.1957-march.1962</subfield></datafield><datafield ind1=" " ind2=" " tag="260"><subfield code="a">Waesaw, Institute Of Nuclear Research, 1963. 19p</subfield></datafield><datafield ind1=" " ind2=" " tag="490"><subfield code="a">Ibj, Febr.1963</subfield></datafield><datafield ind1=" " ind2=" " tag="852"><subfield code="a">D1067</subfield></datafield></record></collection>